@manual{lamport1978time,
	title={Time, Clocks, and the Ordering of Events in a Distributed System},
	author={Lamport, Leslie},
	journal={Communications},
	year={1978},
	urldate={2019-08-16},
	url={https://doi.org/10.1145/359545.359563}
}

@manual{ghofrani2018challenges,
	title={Challenges of Microservices Architecture: A Survey on the State of the Practice},
	author={Ghofrani, Javad and L{\"u}bke, Daniel},
	journal={ZEUS},
	volume={2018},
	pages={1--8},
	year={2018},
	urldate={2019-08-16},
	url={http://ceur-ws.org/Vol-2072/}
}

@manual{TighiltMicroservicesAntipatterns,
    author={Tighilt, Rafik and Abdellatif, Manel and Moha, Naouel and Mili, Hafedh and Boussaidi, Ghizlane El and Privat, Jean and Gu\'{e}h\'{e}neuc, Yann-Ga\"{e}l},
    title={On the Study of Microservices Antipatterns: A Catalog Proposal},
    year={2020},
    isbn={9781450377690},
    publisher={Association for Computing Machinery},
    address={New York, NY, USA},
    url={https://doi.org/10.1145/3424771.3424812},
    doi={10.1145/3424771.3424812},
    booktitle={Proceedings of the European Conference on Pattern Languages of Programs 2020},
    articleno={34},
    numpages={13},
    keywords={antipatterns, Microservices, architecture},
    location={Virtual Event, Germany},
    series={EuroPLoP '20},
    urldate={2019-08-16},
    url={https://doi.org/10.1145/3424771.3424812}
}

@manual{lamport1998part,
	author={Lamport, Leslie},
	title={The Part-Time Parliament},
	year={1998},
	issue_date={May 1998},
	publisher={Association for Computing Machinery},
	address={New York, NY, USA},
	volume={16},
	number={2},
	issn={0734-2071},
	url={https://doi.org/10.1145/279227.279229},
	doi={10.1145/279227.279229},
	journal={ACM Trans. Comput. Syst.},
	month=may,
	pages={133–169},
	numpages={37},
	urldate={2019-08-16},
	keywords={three-phase commit, state machines, voting}
}

@manual{schneider1990,
	author={Schneider, Fred B}, 
	title={Implementing Fault-Tolerant Services Using the State Machine Approach: A Tutorial},
	journal={ACM Computing Surveys (CSUR)},
	address={ACM New York, NY, USA},
	year={1990},
	month={5},
	volume={22},
	number={4},
	pages={299–319},
	urldate={2019-08-16},
	url={https://doi.org/10.1145/98163.98167}
}

@manual{raft,
    author={Diego Ongaro and John Ousterhout},
    title={In Search of an Understandable Consensus Algorithm},
    booktitle={2014 USENIX Annual Technical Conference (USENIX ATC 14)},
    year={2014},
    isbn={978-1-931971-10-2},
    address={Philadelphia, PA},
    pages={305--319},
    url={https://www.usenix.org/conference/atc14/technical-sessions/presentation/ongaro},
    publisher={USENIX Association},
    month={6},
    urldate={2019-08-16}
}

@manual{LAMPORT197895,
	title={The implementation of reliable distributed multiprocess systems},
	journal={Computer Networks (1976)},
	volume={2},
	number={2},
	pages={95-114},
	year={1978},
	issn={0376-5075},
	doi={https://doi.org/10.1016/0376-5075(78)90045-4},
	url={https://www.sciencedirect.com/science/article/pii/0376507578900454},
	author={Leslie Lamport},
	keywords={Computer networks, distributed computing, reliable synchronization, system specification},
	urldate={2019-08-16}
}

@manual{6903591,
	author={Bezerra, Carlos Eduardo and Pedone, Fernando and Van Renesse, Robbert},
	booktitle={2014 44th Annual IEEE/IFIP International Conference on Dependable Systems and Networks},
	title={Scalable State-Machine Replication},
	year={2014},
	volume={},
	number={},
	pages={331-342},
	doi={10.1109/DSN.2014.41},
	url={https://doi.org/10.1109/DSN.2014.41},
	urldate={2019-08-16}
}


@manual{sousa2012byzantine,
	title={From Byzantine consensus to BFT state machine replication: A latency-optimal transformation},
	author={Sousa, Joao and Bessani, Alysson},
	booktitle={2012 Ninth European Dependable Computing Conference},
	pages={37--48},
	year={2012},
	organization={IEEE},
	url={https://doi.org/10.1109/EDCC.2012.32},
	urldate={2019-08-16}
}

@manual{jha2019derecho,
	title={Derecho: Fast state machine replication for cloud services},
	author={Jha, Sagar and Behrens, Jonathan and Gkountouvas, Theo and Milano, Matthew and Song, Weijia and Tremel, Edward and Renesse, Robbert Van and Zink, Sydney and Birman, Kenneth P},
	journal={ACM Transactions on Computer Systems (TOCS)},
	volume={36},
	number={2},
	pages={1--49},
	year={2019},
	publisher={ACM New York, NY, USA},
	url={https://doi.org/10.1145/3302258},
	urldate={2019-08-16}
}

@manual{le2016dynamic,
	title={Dynamic scalable state machine replication},
	author={Le, Long Hoang and Bezerra, Carlos Eduardo and Pedone, Fernando},
	booktitle={2016 46th Annual IEEE/IFIP International Conference on Dependable Systems and Networks (DSN)},
	pages={13--24},
	year={2016},
	organization={IEEE},
	url={https://doi.org/10.1109/DSN.2016.11},
	urldate={2019-08-16}
}

@manual{mendizabal,
	author={Mendizabal, Odorico and Moura, Ruda and Dotti, Fernando and Pedone, Fernando},
	year={2017},
	month={05},
	pages={748-757},
	title={Efficient and Deterministic Scheduling for Parallel State Machine Replication},
	doi={10.1109/IPDPS.2017.29},
	url={https://doi.org/10.1109/IPDPS.2017.29},
	urldate={2019-08-16}
}

@manual{emulab-10.1145/844128.844152,
	author={White, Brian and Lepreau, Jay and Stoller, Leigh and Ricci, Robert and Guruprasad, Shashi and Newbold, Mac and Hibler, Mike and Barb, Chad and Joglekar, Abhijeet},
	title={An Integrated Experimental Environment for Distributed Systems and Networks},
	year={2003},
	issue_date={Winter 2002},
	publisher={Association for Computing Machinery},
	address={New York, NY, USA},
	volume={36},
	number={SI},
	issn={0163-5980},
	url={https://doi.org/10.1145/844128.844152},
	doi={10.1145/844128.844152},
	journal={SIGOPS Oper. Syst. Rev.},
	month=dec,
	pages={255–270},
	numpages={16},
	urldate={2019-08-16}
}

@manual{hadzilacos-10.5555/866693,
	author={Hadzilacos, Vassos and Toueg, Sam},
	title={A Modular Approach to Fault-Tolerant Broadcasts and Related Problems},
	year={1994},
	publisher={Cornell University},
	address={USA},
	url={https://dl.acm.org/doi/book/10.5555/866693},
	urldate={2019-08-16}
}

@manual{demers1987epidemic,
	title={Epidemic algorithms for replicated database maintenance},
	author={Demers, Alan and Greene, Dan and Hauser, Carl and Irish, Wes and Larson, John and Shenker, Scott and Sturgis, Howard and Swinehart, Dan and Terry, Doug},
	booktitle={Proceedings of the sixth annual ACM Symposium on Principles of distributed computing},
	pages={1--12},
	year={1987},
	url={https://doi.org/10.1145/41840.41841},
	urldate={2019-08-16}
}

@manual{tai2016continuous,
	title={Continuous, trustless, and fair: Changing priorities in services computing},
	author={Tai, Stefan},
	booktitle={European Conference on Service-Oriented and Cloud Computing},
	pages={205--210},
	year={2016},
	url={https://doi.org/10.1007/978-3-319-72125-5_16},
	organization={Springer},
	urldate={2019-08-16}
}

@manual{oliveira2016evaluating,
	title={Evaluating Raft in Docker on Kubernetes},
	author={Oliveira, Caio and Lung, Lau Cheuk and Netto, Hylson and Rech, Luciana},
	booktitle={International Conference on Systems Science},
	pages={123--130},
	year={2016},
	organization={Springer},
	doi={10.1007/978-3-319-48944-5_12},
	url={https://link.springer.com/chapter/10.1007/978-3-319-48944-5_12},
	urldate={2019-08-16}
}

@manual{kshemkalyani2011distributed,
	title={Distributed computing: principles, algorithms, and systems},
	author={Kshemkalyani, Ajay D and Singhal, Mukesh},
	year={2011},
	publisher={Cambridge University Press},
	url={https://dl.acm.org/doi/book/10.5555/1374804},
	urldate={2019-08-16}
}

@manual{schneider1990implementing,
	author={Schneider, Fred B}, 
	title={Implementing Fault-Tolerant Services Using the State Machine Approach: A Tutorial},
	journal={ACM Computing Surveys (CSUR)},
	address={ACM New York, NY, USA},
	year={1990},
	month={5},
	volume={22},
	number={4},
	pages={299–319},
	url={https://doi.org/10.1145/98163.98167},
	urldate={2019-08-16}
}

@manual{lamport1978implementation,
	title={The implementation of reliable distributed multiprocess systems},
	author={Lamport, Leslie},
	journal={Computer Networks (1976)},
	volume={2},
	number={2},
	pages={95--114},
	year={1978},
	publisher={Elsevier},
	url={https://doi.org/10.1016/0376-5075(78)90045-4},
	urldate={2019-08-16}
}

@manual{tanenbaum2015modern,
	author={A. S. Tanenbaum and H. Bos},
	title={Sistemas Operacionais Modernos},
	edition={4},
	publisher={Pearson},
	address={Singapore},
	year={2015},
	url={https://www.amazon.com.br/Sistemas-operacionais-modernos-Andrew-Tanenbaum/dp/8543005671},
	urldate={2019-08-16}
}

@manual{arpaci2018operating,
	title={Operating systems: Three easy pieces},
	author={R. H. Arpaci-Dusseau and A. C. Arpaci-Dusseau},
	publisher={Arpaci-Dusseau Books LLC},
	month={8},
	year={2018},
	edition={1},
	url={https://pages.cs.wisc.edu/~remzi/OSTEP/},
	urldate={2019-08-16}
}

@manual{dragon119,
	author={Microsoft.com},
	title={Padrões De Design Na Nuvem - Azure Architecture Center},
	url={https://docs.microsoft.com/pt-br/azure/architecture/patterns/},
	year={2021},
	urldate={2019-08-16}
}

@manual{renan2021hermes,
	author={R. T. Fonseca},
	title={Implementação de um interceptador para ordenação de mensagens em arquiteturas baseadas em microsserviços},
	address={Florianópolis},
	publisher={Universidade Federal de Santa Catarina --
	Departamento de Informática e Estatística},
	year={2021},
	urldate={2019-08-16}
}

@manual{schneider1993replication,
	title={Replication management using the state-machine approach, distributed systems},
	author={Schneider, Fred B},
	year={1993},
	publisher={Citeseer},
	url={https://pdos.csail.mit.edu/6.824/papers/schneider-rsm.pdf},
	urldate={2019-08-16}
}

@manual{calvin-10.1145/2213836.2213838,
	author={Thomson, Alexander and Diamond, Thaddeus and Weng, Shu-Chun and Ren, Kun and Shao, Philip and Abadi, Daniel J.},
	title={Calvin: Fast Distributed Transactions for Partitioned Database Systems},
	year={2012},
	isbn={9781450312479},
	publisher={Association for Computing Machinery},
	address={New York, NY, USA},
	url={https://doi.org/10.1145/2213836.2213838},
	doi={10.1145/2213836.2213838},
	booktitle={Proceedings of the 2012 ACM SIGMOD International Conference on Management of Data},
	pages={1–12},
	numpages={12},
	keywords={determinism, distributed database systems, replication, transaction processing},
	location={Scottsdale, Arizona, USA},
	series={SIGMOD '12},
	urldate={2019-08-16}
}

@manual{sapiro-10.1007/978-3-642-24550-3_29,
	author={"Shapiro, Marc
		and Pregui{\c{c}}a, Nuno
		and Baquero, Carlos
		and Zawirski, Marek",
		editor="D{\'e}fago, Xavier
		and Petit, Franck
	and Villain, Vincent"},
	title="Conflict-Free Replicated Data Types",
	booktitle="Stabilization, Safety, and Security of Distributed Systems",
	year="2011",
	publisher="Springer Berlin Heidelberg",
	address="Berlin, Heidelberg",
	pages="386--400",
	isbn="978-3-642-24550-3",
	url={https://link.springer.com/chapter/10.1007/978-3-642-24550-3_29},
	urldate={2019-08-16}
}

@manual{aguilera2020microsecond,
	title={Microsecond consensus for microsecond applications},
	author={Aguilera, Marcos K and Ben-David, Naama and Guerraoui, Rachid and Marathe, Virendra J and Xygkis, Athanasios and Zablotchi, Igor},
	booktitle={14th USENIX Symposium on Operating Systems Design and Implementation (OSDI 20)},
	pages={599--616},
	year={2020},
	url={https://www.usenix.org/conference/osdi20/presentation/aguilera},
	urldate={2019-08-16}
}

@manual{netto2020incorporating,
	title={Incorporating the Raft consensus protocol in containers managed by Kubernetes: An evaluation},
	author={Netto, Hylson and Pereira Oliveira, Caio and Rech, Luciana de Oliveira and Alchieri, Eduardo},
	journal={International Journal of Parallel, Emergent and Distributed Systems},
	volume={35},
	number={4},
	pages={433--453},
	year={2020},
	publisher={Taylor \& Francis},
	url={https://doi.org/10.1080/17445760.2019.1608989},
	urldate={2019-08-16}
}

@manual{moghaddam2016simple,
	title={Simple leaderless consistency protocol},
	author={Moghaddam, Fereydoun Farrahi and Kanso, Ali and Gherbi, Abdelouahed},
	booktitle={2016 IEEE International Conference on Cloud Engineering Workshop (IC2EW)},
	pages={70--75},
	year={2016},
	organization={IEEE},
	url={https://doi.org/10.1109/IC2EW.2016.23},
	urldate={2019-08-16}
}

@manual{nguyen2020toward,
	title={Toward highly scalable load balancing in Kubernetes clusters},
	author={Nguyen, Nguyen and Kim, Taehong},
	journal={IEEE Communications Magazine},
	volume={58},
	number={7},
	pages={78--83},
	year={2020},
	publisher={IEEE},
	url={http://dx.doi.org/10.1109/MCOM.001.1900660},
	urldate={2019-08-16}
}

@manual{toffetti2015architecture,
	title={An architecture for self-managing microservices},
	author={Toffetti, Giovanni and Brunner, Sandro and Bl{\"o}chlinger, Martin and Dudouet, Florian and Edmonds, Andrew},
	booktitle={Proceedings of the 1st International Workshop on Automated Incident Management in Cloud},
	pages={19--24},
	year={2015},
	url={https://doi.org/10.1145/2747470.2747474},
	urldate={2019-08-16}
}

@manual{gabbrielli2016self,
	title={Self-reconfiguring microservices},
	author={Gabbrielli, Maurizio and Giallorenzo, Saverio and Guidi, Claudio and Mauro, Jacopo and Montesi, Fabrizio},
	booktitle={Theory and Practice of Formal Methods},
	pages={194--210},
	year={2016},
	publisher={Springer},
	url={https://saveriogiallorenzo.com/publications/self-reconfiguring/self-reconfiguring.pdf},
	urldate={2019-08-16}
}

@manual{sidecar,
	author={EDPRICE-MSFT},
	title={Sidecar pattern - Cloud Design Pattern},
	url={https://docs.microsoft.com/en-us/azure/architecture/patterns/sidecar},
	year={2021},
	publisher={Microsoft},
	urldate={2019-08-16}
}

@manual{Petrescu2020LogRI,
	author={Petrescu, M. and Petrescu, R.},
	title={Log Replication in Raft vs Kafka},
	year={2020},
	month={12},
	pages={66},
	volume={65},
	journal={Studia Universitatis Babeș-Bolyai Informatica},
	doi={10.24193/subbi.2020.2.05},
	url={http://dx.doi.org/10.24193/subbi.2020.2.05},
	urldate={2019-08-16}
}

@manual{okusanya2019consensus,
	title={Consensus in Distributed Systems: RAFT vs CRDTs},
	author={Okusanya, Oluwadamilola},
	year={2019},
	url={https://repository.stcloudstate.edu/csit_etds/29/},
	urldate={2019-08-16}
}

@manual{consensus_in_cloud_2016_ieee,
	author={Ailijiang, Ailidani and Charapko, Aleksey and Demirbas, Murat},
	booktitle={2016 25th International Conference on Computer Communication and Networks (ICCCN)},
	title={Consensus in the Cloud: Paxos Systems Demystified},
	year={2016},
	volume={},
	number={},
	pages={1-10},
	doi={10.1109/ICCCN.2016.7568499},
	url={https://doi.org/10.1109/ICCCN.2016.7568499},
	urldate={2019-08-16}
}

@manual{kubernetes/docs/2022,
	author={Kubernetes},
	title={Kubernetes},
	url={https://kubernetes.io/docs/},
	month={1},
	year={2022},
    urldate={2019-08-16}
}

@manual{docker/docs/2022,
	author={Docker},
	title={Docker},
	url={https://docs.docker.com/},
	month={1},
	year={2022},
	urldate={2019-08-16}
}

% ##########################################################
% ##########################################################
% KUBERNETES
% ##########################################################
% ##########################################################

@manual{Microservices:TheJourneySoFar,
	author={Jamshidi, Pooyan and Pahl, Claus and Mendonça, Nabor C. and Lewis, James and Tilkov, Stefan},
	journal={IEEE Software}, 
	title={Microservices: The Journey So Far and Challenges Ahead}, 
	year={2018},
	volume={35},
	number={3},
	pages={24-35},
	doi={10.1109/MS.2018.2141039},
	url={http://dx.doi.org/10.1109/MS.2018.2141039},
	urldate={2019-08-16}
}

@manual{fritzsch2018monolith,
	title={From monolith to microservices: A classification of refactoring approaches},
	author={Fritzsch, Jonas and Bogner, Justus and Zimmermann, Alfred and Wagner, Stefan},
	booktitle={International Workshop on Software Engineering Aspects of Continuous Development and New Paradigms of Software Production and Deployment},
	pages={128--141},
	year={2018},
	organization={Springer},
	url={https://doi.org/10.48550/arXiv.1807.10059},
	urldate={2019-08-16}
}

@manual{carrasco2018migrating,
	title={Migrating towards microservices: migration and architecture smells},
	author={Carrasco, Andr{\'e}s and Bladel, Brent van and Demeyer, Serge},
	booktitle={Proceedings of the 2nd International Workshop on Refactoring},
	pages={1--6},
	year={2018},
	url={https://doi.org/10.1145/3242163.3242164},
	urldate={2019-08-16}
}

@manual{bavskarada2018architecting,
	title={Architecting microservices: Practical opportunities and challenges},
	author={Ba{\v{s}}karada, Sa{\v{s}}a and Nguyen, Vivian and Koronios, Andy},
	journal={Journal of Computer Information Systems},
	year={2018},
	publisher={Taylor \& Francis},
	url={https://doi.org/10.1080/08874417.2018.1520056},
	urldate={2019-08-16}
}

@manual{zdun2019emerging,
	title={Emerging trends, challenges, and experiences in DevOps and microservice APIs},
	author={Zdun, Uwe and Wittern, Erik and Leitner, Philipp},
	journal={IEEE Software},
	volume={37},
	number={1},
	pages={87--91},
	year={2019},
	url={https://ieeexplore.ieee.org/abstract/document/8938118},
	publisher={IEEE},
	urldate={2019-08-16}
}

@manual{vayghan2018deploying,
	title={Deploying microservice based applications with kubernetes: Experiments and lessons learned},
	author={Vayghan, Leila Abdollahi and Saied, Mohamed Aymen and Toeroe, Maria and Khendek, Ferhat},
	booktitle={2018 IEEE 11th international conference on cloud computing (CLOUD)},
	pages={970--973},
	year={2018},
	organization={IEEE},
	url={https://doi.org/10.1109/CLOUD.2018.00148},
	urldate={2019-08-16}
}

@manual{vayghan2021kubernetes,
	title={A Kubernetes controller for managing the availability of elastic microservice based stateful applications},
	author={Vayghan, Leila Abdollahi and Saied, Mohamed Aymen and Toeroe, Maria and Khendek, Ferhat},
	journal={Journal of Systems and Software},
	volume={175},
	pages={110924},
	year={2021},
	publisher={Elsevier},
	url={https://doi.org/10.1016/j.jss.2021.110924},
	urldate={2019-08-16}
}

@manual{cason2017role,
	author={Cason, Daniel},
	title={The role of synchrony on the performance of Paxos: O papel da sincronia no desempenho de Paxos},
	year={2017},
	publisher={Universidade Estadual de Campinas. Instituto de Computação},
	address={Campinas, SP, BR},
	url={http://repositorio.unicamp.br/jspui/handle/REPOSIP/332151},
	urldate={2019-08-16}
}

@manual{lamport2001paxos,
	title={Paxos made simple},
	author={Lamport, Leslie and others},
	journal={ACM Sigact News},
	volume={32},
	number={4},
	pages={18--25},
	year={2001},
	url={https://www.microsoft.com/en-us/research/publication/paxos-made-simple/},
	urldate={2019-08-16}
}

@manual{lamport2019part,
	title={The part-time parliament},
	author={Lamport, Leslie},
	booktitle={Concurrency: the Works of Leslie Lamport},
	pages={277--317},
	year={2019},
	url={https://doi.org/10.1145/279227.279229},
	urldate={2019-08-16}
}

@manual{lamport2019byzantine,
	title={The Byzantine generals problem},
	author={Lamport, Leslie and Shostak, Robert and Pease, Marshall},
	booktitle={Concurrency: the Works of Leslie Lamport},
	pages={203--226},
	year={2019},
	url={https://doi.org/10.1145/357172.357176},
	urldate={2019-08-16}
}

@manual{Chen2007AbortableCA,
	title={Abortable Consensus and Its Application to Probabilistic Atomic Broadcast},
	author={Wei Chen},
	year={2007},
	doi={10.1.1.92.3778},
	url={https://citeseerx.ist.psu.edu/viewdoc/summary?doi=10.1.1.92.3778},
	urldate={2019-08-16}
}

@manual{coulouris2005distributed,
	title={Distributed systems: concepts and design},
	author={Coulouris, George F and Dollimore, Jean and Kindberg, Tim},
	year={2005},
	publisher={pearson education},
	isbn={9780132143011},
	url={https://www.biblio.com/9780132143011},
	urldate={2019-08-16}
}

@manual{MOSTEFAOUI_RAYNAL,
	author={Mostefaqui, A. and Raynal, M.},
	title={LEADER-BASED CONSENSUS},
	journal={Parallel Processing Letters},
	volume={11},
	number={01},
	pages={95-107},
	year={2001},
	doi={10.1142/S0129626401000452},
	url={ https://doi.org/10.1142/S0129626401000452 },
	eprint={ https://doi.org/10.1142/S0129626401000452 },
	urldate={2019-08-16}
}

@manual{Ambassad83:online,
	author={Microsoft},
	title={Ambassador pattern - Cloud Design Patterns | Microsoft Docs},
	url={https://docs.microsoft.com/en-us/azure/architecture/patterns/ambassador},
	month={6},
	year={2021},
	urldate={2019-08-16}
}

@manual{CircuitB83:online,
	author={Microsoft},
	title={Circuit Breaker pattern - Cloud Design Patterns | Microsoft Docs},
	url={https://docs.microsoft.com/en-us/azure/architecture/patterns/circuit-breaker},
	month={8},
	year={2021},
	urldate={2019-08-16}
}

@manual{Sidecarp49:online,
	author={Microsoft},
	title={Sidecar pattern - Cloud Design Patterns | Microsoft Docs},
	url={https://docs.microsoft.com/en-us/azure/architecture/patterns/sidecar},
	month={12},
	year={2021},
	urldate={2019-08-16}
}

@manual{TanenbaumSteen07,
	author={Tanenbaum, Andrew S. and van Steen, Maarten},
	url={https://www.amazon.de/gp/reader/0132392275/},
	title={Distributed Systems: Principles and Paradigms},
	urldate={2019-08-16}
}

@manual{PauloVerissimoLuisRodrigues,
	added-at={2019-07-22T00:00:00.000+0200},
	author={Veríssimo, Paulo and Rodrigues, Luís E. T.},
	url={https://www.amazon.de/gp/reader/B001BV43BE/},
	isbn={978-0-7923-7266-0},
	keywords={dblp},
	pages={I-XIX, 1-623},
	publisher={Springer},
	series={Advances in distributed computing and middelware},
	title={Distributed systems for system architects},
	volume=1,
	year=2001,
	urldate={2019-08-16}
}

@manual{journals/csur/DefagoSU04,
	added-at={2018-11-14T00:00:00.000+0100},
	author={Défago, Xavier and Schiper, André and Urbán, Péter},
	journal={ACM Comput. Surv.},
	keywords={dblp},
	number=4,
	pages={372-421},
	title={Total order broadcast and multicast algorithms: Taxonomy and survey},
	url={https://doi.org/10.1145/1041680.1041682},
	volume=36,
	year=2004,
	urldate={2019-08-16}
}


@manual{journals/dbsk/SkrzypzcakS20,
	added-at={2020-11-10T00:00:00.000+0100},
	author={Skrzypzcak, Jan and Schintke, Florian},
	url={https://doi.org/10.1007/s13222-020-00358-4},
	interhash={171a0940d7f86e38dedc61fdd2b76406},
	intrahash={3eefe30d424369f35388e6b0e6ac9029},
	journal={Datenbank-Spektrum},
	keywords={dblp},
	number=3,
	pages={231-241},
	timestamp={2020-11-11T11:34:39.000+0100},
	title={Towards Log-Less, Fine-Granular State Machine Replication.},
	volume=20,
	year=2020,
	urldate={2019-08-16}
}


@manual{AlbuquerqueAlchieriCaetanoSolis2018,
	author={Felipe Albuquerque and Eduardo Alchieri and Marcos Caetano e Priscila Solis},
	title={Integração de Replicação Máquina de Estados no Kubernetes},
	booktitle={Anais do XIX Workshop de Testes e Tolerância a Falhas},
	location={Campos do Jordão},
	year={2018},
	keywords={},
	issn={2595-2684},
	publisher={SBC},
	address={Porto Alegre, RS, Brasil},
	url={https://sol.sbc.org.br/index.php/wtf/article/view/2384},
	urldate={2019-08-16}
}

@manual{conf/dsn/EkwallS06,
	added-at={2017-05-21T00:00:00.000+0200},
	author={Ekwall, Richard and Schiper, André},
	booktitle={DSN},
	url={http://doi.ieeecomputersociety.org/10.1109/DSN.2006.65},
	interhash={7a513992f0c3dc22b3c564bc9a9bf9ed},
	intrahash={d92395c8227a6d0a89f64caaee44d6cb},
	isbn={0-7695-2607-1},
	keywords={dblp},
	pages={156-165},
	publisher={IEEE Computer Society},
	timestamp={2019-10-17T12:50:12.000+0200},
	title={Solving Atomic Broadcast with Indirect Consensus.},
	year=2006,
	urldate={2019-08-16}
}

@manual{MilosevicHutleSchiper2011,
    author={Milosevic, Zarko and Hutle, Martin and Schiper, Andre},
    booktitle={2011 IEEE 30th International Symposium on Reliable Distributed Systems},
    title={On the Reduction of Atomic Broadcast to Consensus with Byzantine Faults},
    year={2011},
    volume={},
    number={},
    pages={235-244},
    doi={10.1109/SRDS.2011.36},
    url={https://doi.org/10.1109/SRDS.2011.36},
    urldate={2019-08-16}
}

@manual{journals/software/JamshidiPMLT18,
	added-at={2020-06-15T00:00:00.000+0200},
	author={Jamshidi, Pooyan and Pahl, Claus and Mendonça, Nabor C. and Lewis, James and Tilkov, Stefan},
	url={http://doi.ieeecomputersociety.org/10.1109/MS.2018.2141039},
	interhash={d4edce0f0b458f917f3ac6c3e5d64a29},
	intrahash={1f9ab5137160ddadafd37fc0017bcd46},
	journal={IEEE Softw.},
	keywords={dblp},
	number=3,
	pages={24-35},
	timestamp={2020-06-16T11:57:59.000+0200},
	title={Microservices: The Journey So Far and Challenges Ahead.},
	volume=35,
	year=2018,
	urldate={2019-08-16}
}

@manual{CitoGallDockerReproducibility,
    author={Cito, J\"{u}rgen and Gall, Harald C.},
    title={Using Docker Containers to Improve Reproducibility in Software Engineering Research},
    year={2016},
    isbn={9781450342056},
    publisher={Association for Computing Machinery},
    address={New York, NY, USA},
    url={https://doi.org/10.1145/2889160.2891057},
    doi={10.1145/2889160.2891057},
    booktitle={Proceedings of the 38th International Conference on Software Engineering Companion},
    pages={906–907},
    numpages={2},
    keywords={cloud, reproducibility, containers},
    location={Austin, Texas},
    series={ICSE '16},
    urldate={2019-08-16}
}

@manual{casalicchio2019container,
	title={Container orchestration: a survey},
	author={Casalicchio, Emiliano},
	journal={Systems Modeling: Methodologies and Tools},
	pages={221--235},
	year={2019},
	publisher={Springer},
	doi={0.1007/978-3-319-92378-9_14},
	url={https://link.springer.com/chapter/10.1007/978-3-319-92378-9_14},
	urldate={2019-08-16}
}

@manual{soppelsa2016native,
	title={Native docker clustering with swarm},
	author={Soppelsa, Fabrizio and Kaewkasi, Chanwit},
	year={2016},
	publisher={Packt Publishing Ltd},
	url={https://books.google.com.br/books?hl=pt-BR&lr=&id=Xc_cDgAAQBAJ},
	urldate={2019-08-16}
}


@manual{XavierDecoupledLogging,
	author={Luiz Gustavo Xavier and Fernando Dotti and Cristina Meinhardt and Odorico Mendizabal},
	title={Scalable and Decoupled Logging for State Machine Replication},
	booktitle={Anais do XXXVIII Simpósio Brasileiro de Redes de Computadores e Sistemas Distribuídos},
	location={Rio de Janeiro},
	year={2020},
	keywords={},
	issn={2177-9384},
	pages={267--280},
	publisher={SBC},
	address={Porto Alegre, RS, Brasil},
	doi={10.5753/sbrc.2020.12288},
	url={https://sol.sbc.org.br/index.php/sbrc/article/view/12288},
	urldate={2019-08-16}
}


@manual{de1995causal,
	title={Causal order protocols for group communication},
	author={de Ara{\'u}jo Mac{\^e}do, Raimundo Jos{\'e}},
	booktitle={Proc. of Brazilian Symp. nn Computer Networks (SBRC), Universidade Federal da Bahia},
	year={1995},
	url={https://www.researchgate.net/publication/228595615_Causal_Order_Protocols_for_Group_Communication},
	urldate={2019-08-16}
}

@manual{AcaciaTerra,
	author={Acacia Terra and Edson Camargo and Elias Duarte Jr.},
	title={A Caminho de Uma Alternativa Hierárquica para Implementação do Algoritmo de Consenso Paxos},
	booktitle={Anais do XXI Workshop de Testes e Tolerância a Falhas},
	location={Rio de Janeiro},
	year={2020},
	issn={2595-2684},
	pages={15--28},
	publisher={SBC},
	address={Porto Alegre, RS, Brasil},
	doi={10.5753/wtf.2020.12484},
	url={https://sol.sbc.org.br/index.php/wtf/article/view/12484},
	urldate={2019-08-16}
}

@manual{google-gke,
	author={Google},
	title={Documentação do Google Kubernetes Engine  |  Documentação do Kubernetes Engine  |  Google Cloud},
	url={https://cloud.google.com/kubernetes-engine/docs},
	month={6},
	year={2022},
	urldate={2019-08-16}
}

@manual{Stubbs2015DistributedSO,
	title={Distributed Systems of Microservices Using Docker and Serfnode},
	author={Joe Stubbs and Walter Moreira and R. Dooley},
	journal={2015 7th International Workshop on Science Gateways},
	year={2015},
	url={https://ieeexplore.ieee.org/document/7217926},
	urldate={2019-08-16},
	pages={34-39}
}

@manual{chelliah2017architectural,
	title={Architectural Patterns: Uncover essential patterns in the most indispensable realm of enterprise architecture},
	author={Chelliah, P.R. and Subramanian, H. and Murali, A. and N, K.},
	isbn={9781787288348},
	url={https://www.amazon.com.br/Architectural-Patterns-Pethuru-Raj/dp/1787287491},
	urldate={2019-08-16},
	year={2017},
	publisher={Packt Publishing}
}

@manual{PartialReplicationDbStateMachine2001,
	author={Sousa, António and Pedone, Fernando and Oliveira, Rui and Moura, Francisco},
	year={2001},
	month={02},
	pages={298 - 309},
	title={Partial replication in the Database State Machine},
	isbn={0-7695-1432-4},
	doi={10.1109/NCA.2001.962546},
	url={https://ieeexplore.ieee.org/abstract/document/962546},
	urldate={2019-08-16}
}

@manual{abntex2classe,
	Author={Lauro César Araujo},
	Organization={Equipe abnTeX2},
	Title={A classe abntex2},
	Subtitle={Modelo canônico de trabalhos acadêmicos brasileiros compatível com as normas ABNT NBR 14724:2011, ABNT NBR 6024:2012 e outras},
	url={http://www.abntex.net.br/},
	urldate={2019-08-16},
	Year={2015}
}
