@article{tonussi2016modulo,
  title={M{\'o}dulo de jogo de perguntas e respostas online para apoio ao ensino de ger{\^e}ncia de projetos integrado ao MOODLE},
  author={Tonussi, Lucas Pagotto and others},
  year={2016},
  publisher={Florian{\'o}polis, SC.}
}

@article{tonussi2017modulo,
  title={Um M{\'o}dulo de Jogo de Perguntas e Respostas para apoio ao Ensino de Ger{\^e}ncia de Projetos Integrado ao Moodle},
  author={Tonussi, Lucas Pagotto and Hauck, Jean Carlo Rossa},
  journal={Anais do Computer on the Beach},
  pages={100--109},
  year={2017}
}
