@article{Stubbs2015DistributedSO,
  title={Distributed Systems of Microservices Using Docker and Serfnode},
  author={Joe Stubbs and Walter Moreira and R. Dooley},
  journal={2015 7th International Workshop on Science Gateways},
  year={2015},
  pages={34-39}
}